@inproceedings{rimal2009taxonomy,
  title={A taxonomy and survey of cloud computing systems},
  author={Rimal, Bhaskar Prasad and Choi, Eunmi and Lumb, Ian},
  booktitle={2009 fifth international joint conference on INC, IMS and IDC},
  pages={44--51},
  year={2009},
  organization={Ieee}
}
@article{satyanarayanan2017emergence,
  title={The emergence of edge computing},
  author={Satyanarayanan, Mahadev},
  journal={Computer},
  volume={50},
  number={1},
  pages={30--39},
  year={2017},
  publisher={IEEE}
}
@article{carrion2022kubernetes,
  title={Kubernetes scheduling: Taxonomy, ongoing issues and challenges},
  author={Carri{\'o}n, Carmen},
  journal={ACM Computing Surveys},
  volume={55},
  number={7},
  pages={1--37},
  year={2022},
  publisher={ACM New York, NY}
}
@article{nocentino2021kubernetes,
  title={Kubernetes architecture},
  author={Nocentino, Anthony E and Weissman, Ben and Nocentino, Anthony E and Weissman, Ben},
  journal={SQL Server on Kubernetes: Designing and Building a Modern Data Platform},
  pages={53--70},
  year={2021},
  publisher={Springer}
}
@article{rejiba2022custom,
  title={Custom scheduling in Kubernetes: a survey on common problems and solution approaches},
  author={Rejiba, Zeineb and Chamanara, Javad},
  journal={ACM Computing Surveys},
  volume={55},
  number={7},
  pages={1--37},
  year={2022},
  publisher={ACM New York, NY}
}
@article{mouradian2017comprehensive,
  title={A comprehensive survey on fog computing: State-of-the-art and research challenges},
  author={Mouradian, Carla and Naboulsi, Diala and Yangui, Sami and Glitho, Roch H and Morrow, Monique J and Polakos, Paul A},
  journal={IEEE communications surveys \& tutorials},
  volume={20},
  number={1},
  pages={416--464},
  year={2017},
  publisher={IEEE}
}
@article{cao2020overview,
  title={An overview on edge computing research},
  author={Cao, Keyan and Liu, Yefan and Meng, Gongjie and Sun, Qimeng},
  journal={IEEE access},
  volume={8},
  pages={85714--85728},
  year={2020},
  publisher={IEEE}
}
@article{zhang2021joint,
  title={Joint task scheduling and containerizing for efficient edge computing},
  author={Zhang, Jiawei and Zhou, Xiaochen and Ge, Tianyi and Wang, Xudong and Hwang, Taewon},
  journal={IEEE Transactions on Parallel and Distributed Systems},
  volume={32},
  number={8},
  pages={2086--2100},
  year={2021},
  publisher={IEEE}
}
@article{nguyen2020toward,
  title={Toward highly scalable load balancing in kubernetes clusters},
  author={Nguyen, Nguyen and Kim, Taehong},
  journal={IEEE Communications Magazine},
  volume={58},
  number={7},
  pages={78--83},
  year={2020},
  publisher={IEEE}
}
@article{phan2022traffic,
  title={Traffic-aware horizontal pod autoscaler in Kubernetes-based edge computing infrastructure},
  author={Phan, Linh-An and Kim, Taehong and others},
  journal={IEEE Access},
  volume={10},
  pages={18966--18977},
  year={2022},
  publisher={IEEE}
}
@inproceedings{ju2021proactive,
  title={Proactive autoscaling for edge computing systems with kubernetes},
  author={Ju, Li and Singh, Prashant and Toor, Salman},
  booktitle={Proceedings of the 14th IEEE/ACM International Conference on Utility and Cloud Computing Companion},
  pages={1--8},
  year={2021}
}
@inproceedings{podolskiy2018iaas,
  title={Iaas reactive autoscaling performance challenges},
  author={Podolskiy, Vladimir and Jindal, Anshul and Gerndt, Michael},
  booktitle={2018 IEEE 11th International Conference on Cloud Computing (CLOUD)},
  pages={954--957},
  year={2018},
  organization={IEEE}
}
@misc{hochreiter2001gradient,
  title={Gradient flow in recurrent nets: the difficulty of learning long-term dependencies},
  author={Hochreiter, Sepp and Bengio, Yoshua and Frasconi, Paolo and Schmidhuber, J{\"u}rgen and others},
  year={2001},
  publisher={A field guide to dynamical recurrent neural networks. IEEE Press In}
}
@article{gers2000learning,
  title={Learning to forget: Continual prediction with LSTM},
  author={Gers, Felix A and Schmidhuber, J{\"u}rgen and Cummins, Fred},
  journal={Neural computation},
  volume={12},
  number={10},
  pages={2451--2471},
  year={2000},
  publisher={MIT Press}
}
@InProceedings{kristiani2019,
author="Kristiani, Endah
and Yang, Chao-Tung
and Wang, Yuan Ting
and Huang, Chin-Yin",
editor="Kim, Kuinam J.
and Baek, Nakhoon",
title="Implementation of an Edge Computing Architecture Using OpenStack and Kubernetes",
booktitle="Information Science and Applications 2018",
year="2019",
publisher="Springer Singapore",
address="Singapore",
pages="675--685",
abstract="In the application of the Internet of Things (IoT), all data is stored in the cloud, that causes the long distance of the network logic between the cloud and the device side or client side, this might leads to network delay or slow response time. A challenging issue is how to increase the speed of response time in the cloud computing and the IoT environment for clients. In this paper, we propose a complete set of Edge Computing architecture. There are three layers, namely, Cloud side, Edge side, and Device side. Cloud side mainly deals with more complicated operations and data backup. For overall system infrastructure, we deployed Kubernetes cluster on an OpenStack platform. Edge side optimizes the service of cloud computing systems by performing data processing at the edge of the network. In this phase, we created an Edge Gateway to increase the capacity and performance and reduce the communications bandwidth needed between sensors and the central data.",
isbn="978-981-13-1056-0"
}
@inproceedings{skarlat2016resource,
  title={Resource provisioning for IoT services in the fog},
  author={Skarlat, Olena and Schulte, Stefan and Borkowski, Michael and Leitner, Philipp},
  booktitle={2016 IEEE 9th international conference on service-oriented computing and applications (SOCA)},
  pages={32--39},
  year={2016},
  organization={IEEE}
}
@inproceedings{aazam2015dynamic,
  title={Dynamic resource provisioning through fog micro datacenter},
  author={Aazam, Mohammad and Huh, Eui-Nam},
  booktitle={2015 IEEE international conference on pervasive computing and communication workshops (PerCom workshops)},
  pages={105--110},
  year={2015},
  organization={IEEE}
}
@article{ni2017resource,
  title={Resource allocation strategy in fog computing based on priced timed petri nets},
  author={Ni, Lina and Zhang, Jinquan and Jiang, Changjun and Yan, Chungang and Yu, Kan},
  journal={ieee internet of things journal},
  volume={4},
  number={5},
  pages={1216--1228},
  year={2017},
  publisher={IEEE}
}
@article{nguyen2020elasticfog,
  title={ElasticFog: Elastic resource provisioning in container-based fog computing},
  author={Nguyen, Nguyen Dinh and Phan, Linh-An and Park, Dae-Heon and Kim, Sehan and Kim, Taehong},
  journal={IEEE Access},
  volume={8},
  pages={183879--183890},
  year={2020},
  publisher={IEEE}
}
@inproceedings{wojciechowski2021netmarks,
  title={NetMARKS: Network metrics-AwaRe kubernetes scheduler powered by service mesh},
  author={Wojciechowski, {\L}ukasz and Opasiak, Krzysztof and Latusek, Jakub and Wereski, Maciej and Morales, Victor and Kim, Taewan and Hong, Moonki},
  booktitle={IEEE INFOCOM 2021-IEEE Conference on Computer Communications},
  pages={1--9},
  year={2021},
  organization={IEEE}
}
@inproceedings{hirashima2016proactive,
  title={Proactive-reactive auto-scaling mechanism for unpredictable load change},
  author={Hirashima, Yoko and Yamasaki, Kenta and Nagura, Masataka},
  booktitle={2016 5th IIAI International Congress on Advanced Applied Informatics (IIAI-AAI)},
  pages={861--866},
  year={2016},
  organization={IEEE}
}
@article{nunes2021state,
  title={State of the art on microservices autoscaling: An overview},
  author={Nunes, Joao Paulo KS and Bianchi, Thiago and Iwasaki, Anderson Y and Nakagawa, Elisa Yumi},
  journal={Anais do XLVIII Semin{\'a}rio Integrado de Software e Hardware},
  pages={30--38},
  year={2021},
  publisher={SBC}
}
@inproceedings{sides2015yo,
  title={Yo-Yo Attack: vulnerability in auto-scaling mechanism},
  author={Sides, Mor and Bremler-Barr, Anat and Rosensweig, Elisha},
  booktitle={Proceedings of the 2015 ACM Conference on Special Interest Group on Data Communication},
  pages={103--104},
  year={2015}
}
@inproceedings{biswas2015auto,
  title={An auto-scaling framework for controlling enterprise resources on clouds},
  author={Biswas, Anshuman and Majumdar, Shikharesh and Nandy, Biswajit and El-Haraki, Ali},
  booktitle={2015 15th IEEE/ACM International Symposium on Cluster, Cloud and Grid Computing},
  pages={971--980},
  year={2015},
  organization={IEEE}
}
@article{lorido2014review,
  title={A review of auto-scaling techniques for elastic applications in cloud environments},
  author={Lorido-Botran, Tania and Miguel-Alonso, Jose and Lozano, Jose A},
  journal={Journal of grid computing},
  volume={12},
  pages={559--592},
  year={2014},
  publisher={Springer}
}
@inproceedings{meng2016crupa,
  title={CRUPA: A container resource utilization prediction algorithm for auto-scaling based on time series analysis},
  author={Meng, Yang and Rao, Ruonan and Zhang, Xin and Hong, Pei},
  booktitle={2016 International conference on progress in informatics and computing (PIC)},
  pages={468--472},
  year={2016},
  organization={IEEE}
}
@inproceedings{ye2017auto,
  title={An auto-scaling framework for containerized elastic applications},
  author={Ye, Tian and Guangtao, Xue and Shiyou, Qian and Minglu, Li},
  booktitle={2017 3rd international conference on big data computing and communications (BIGCOM)},
  pages={422--430},
  year={2017},
  organization={IEEE}
}
@article{yoon2019time,
  title={Time-series generative adversarial networks},
  author={Yoon, Jinsung and Jarrett, Daniel and Van der Schaar, Mihaela},
  journal={Advances in neural information processing systems},
  volume={32},
  year={2019}
}
@article{abubakar2020effective,
  title={An effective mechanism to mitigate real-time DDoS attack},
  author={Abubakar, Rana and Aldegheishem, Abdulaziz and Majeed, Muhammad Faran and Mehmood, Amjad and Maryam, Hafsa and Alrajeh, Nabil Ali and Maple, Carsten and Jawad, Muhammad},
  journal={IEEE Access},
  volume={8},
  pages={126215--126227},
  year={2020},
  publisher={IEEE}
}
@inproceedings{hui2022knowledge,
  title={Knowledge enhanced gan for IoT traffic generation},
  author={Hui, Shuodi and Wang, Huandong and Wang, Zhenhua and Yang, Xinghao and Liu, Zhongjin and Jin, Depeng and Li, Yong},
  booktitle={Proceedings of the ACM Web Conference 2022},
  pages={3336--3346},
  year={2022}
}
@article{kingma2014adam,
  title={Adam: A method for stochastic optimization},
  author={Kingma, Diederik P and Ba, Jimmy},
  journal={arXiv preprint arXiv:1412.6980},
  year={2014}
}
@article{coulson2020adaptive,
  title={Adaptive microservice scaling for elastic applications},
  author={Coulson, Nathan Cruz and Sotiriadis, Stelios and Bessis, Nik},
  journal={IEEE Internet of Things Journal},
  volume={7},
  number={5},
  pages={4195--4202},
  year={2020},
  publisher={IEEE}
}
@inproceedings{ghazanfar2020iot,
  title={Iot-flock: An open-source framework for iot traffic generation},
  author={Ghazanfar, Syed and Hussain, Faisal and Rehman, Atiq Ur and Fayyaz, Ubaid U and Shahzad, Farrukh and Shah, Ghalib A},
  booktitle={2020 International Conference on Emerging Trends in Smart Technologies (ICETST)},
  pages={1--6},
  year={2020},
  organization={IEEE}
}
@inproceedings{kyryk2020load,
  title={Load balancing method in edge computing},
  author={Kyryk, Marian and Pleskanka, Nazar and Pleskanka, Mariana and Nykonchuk, Petro},
  booktitle={2020 IEEE 15th International Conference on Advanced Trends in Radioelectronics, Telecommunications and Computer Engineering (TCSET)},
  pages={978--981},
  year={2020},
  organization={IEEE}
}
@inproceedings{varghese2016challenges,
  title={Challenges and opportunities in edge computing},
  author={Varghese, Blesson and Wang, Nan and Barbhuiya, Sakil and Kilpatrick, Peter and Nikolopoulos, Dimitrios S},
  booktitle={2016 IEEE international conference on smart cloud (SmartCloud)},
  pages={20--26},
  year={2016},
  organization={IEEE}
}
@inproceedings{tosatto2015container,
  title={Container-based orchestration in cloud: state of the art and challenges},
  author={Tosatto, Andrea and Ruiu, Pietro and Attanasio, Antonio},
  booktitle={2015 Ninth international conference on complex, intelligent, and software intensive systems},
  pages={70--75},
  year={2015},
  organization={IEEE}
}
@incollection{rodriguez2020container,
  title={Container orchestration with cost-efficient autoscaling in cloud computing environments},
  author={Rodriguez, Maria and Buyya, Rajkumar},
  booktitle={Handbook of research on multimedia cyber security},
  pages={190--213},
  year={2020},
  publisher={IGI global}
}
@article{burns2016borg,
  title={Borg, omega, and kubernetes},
  author={Burns, Brendan and Grant, Brian and Oppenheimer, David and Brewer, Eric and Wilkes, John},
  journal={Communications of the ACM},
  volume={59},
  number={5},
  pages={50--57},
  year={2016},
  publisher={ACM New York, NY, USA}
}
@inproceedings{fan2020scheduler,
  title={A scheduler for serverless framework base on kubernetes},
  author={Fan, Dayong and He, Dongzhi},
  booktitle={Proceedings of the 2020 4th High Performance Computing and Cluster Technologies Conference \& 2020 3rd International Conference on Big Data and Artificial Intelligence},
  pages={229--232},
  year={2020}
}
@article{menouer2021kcss,
  title={KCSS: Kubernetes container scheduling strategy},
  author={Menouer, Tarek},
  journal={The Journal of Supercomputing},
  volume={77},
  number={5},
  pages={4267--4293},
  year={2021},
  publisher={Springer}
}
@inproceedings{kayal2020kubernetes,
  title={Kubernetes in fog computing: Feasibility demonstration, limitations and improvement scope},
  author={Kayal, Paridhika},
  booktitle={2020 IEEE 6th World Forum on Internet of Things (WF-IoT)},
  pages={1--6},
  year={2020},
  organization={IEEE}
}
@inproceedings{tran2022survey,
  title={A Survey of Autoscaling in Kubernetes},
  author={Tran, Minh-Ngoc and Vu, Dinh-Dai and Kim, Younghan},
  booktitle={2022 Thirteenth International Conference on Ubiquitous and Future Networks (ICUFN)},
  pages={263--265},
  year={2022},
  organization={IEEE}
}
@article{premsankar2018edge,
  title={Edge computing for the Internet of Things: A case study},
  author={Premsankar, Gopika and Di Francesco, Mario and Taleb, Tarik},
  journal={IEEE Internet of Things Journal},
  volume={5},
  number={2},
  pages={1275--1284},
  year={2018},
  publisher={IEEE}
}
@article{zhang2018data,
  title={Data security and privacy-preserving in edge computing paradigm: Survey and open issues},
  author={Zhang, Jiale and Chen, Bing and Zhao, Yanchao and Cheng, Xiang and Hu, Feng},
  journal={IEEE access},
  volume={6},
  pages={18209--18237},
  year={2018},
  publisher={IEEE}
}
@inproceedings{pascanu2013difficulty,
  title={On the difficulty of training recurrent neural networks},
  author={Pascanu, Razvan and Mikolov, Tomas and Bengio, Yoshua},
  booktitle={International conference on machine learning},
  pages={1310--1318},
  year={2013},
  organization={Pmlr}
}
@article{mishra2020early,
  title={Early detection of COVID-19 using a smartwatch},
  author={Mishra, Tejaswini and Wang, Meng and Metwally, Ahmed A and Bogu, Gireesh K and Brooks, Andrew W and Bahmani, Amir and Alavi, Arash and Celli, Alessandra and Higgs, Emily and Dagan-Rosenfeld, Orit and others},
  journal={MedRxiv},
  pages={2020--07},
  year={2020},
  publisher={Cold Spring Harbor Laboratory Press}
}
@inproceedings{medina2001brite,
  title={BRITE: An approach to universal topology generation},
  author={Medina, Alberto and Lakhina, Anukool and Matta, Ibrahim and Byers, John},
  booktitle={MASCOTS 2001, Proceedings Ninth International Symposium on Modeling, Analysis and Simulation of Computer and Telecommunication Systems},
  pages={346--353},
  year={2001},
  organization={IEEE}
}
@inproceedings{villamizar2015evaluating,
  title={Evaluating the monolithic and the microservice architecture pattern to deploy web applications in the cloud},
  author={Villamizar, Mario and Garc{\'e}s, Oscar and Castro, Harold and Verano, Mauricio and Salamanca, Lorena and Casallas, Rubby and Gil, Santiago},
  booktitle={2015 10th computing colombian conference (10ccc)},
  pages={583--590},
  year={2015},
  organization={IEEE}
}
@inproceedings{ungureanu2019kubernetes,
  title={Kubernetes cluster optimization using hybrid shared-state scheduling framework},
  author={Ungureanu, Oana-Mihaela and Vl{\u{a}}deanu, C{\u{a}}lin and Kooij, Robert},
  booktitle={Proceedings of the 3rd International Conference on Future Networks and Distributed Systems},
  pages={1--12},
  year={2019}
}
@inproceedings{taherizadeh2017auto,
  title={Auto-scaling applications in edge computing: Taxonomy and challenges},
  author={Taherizadeh, Salman and Stankovski, Vlado},
  booktitle={Proceedings of the International Conference on Big Data and Internet of Thing},
  pages={158--163},
  year={2017}
}
@article{shafi2024cdascaler,
  title={Cdascaler: a cost-effective dynamic autoscaling approach for containerized microservices},
  author={Shafi, Numan and Abdullah, Muhammad and Iqbal, Waheed and Erradi, Abdelkarim and Bukhari, Faisal},
  journal={Cluster Computing},
  pages={1--21},
  year={2024},
  publisher={Springer}
}
@article{hamdan2020edge,
  title={Edge-computing architectures for internet of things applications: A survey},
  author={Hamdan, Salam and Ayyash, Moussa and Almajali, Sufyan},
  journal={Sensors},
  volume={20},
  number={22},
  pages={6441},
  year={2020},
  publisher={MDPI}
}
@inproceedings{gan2019open,
  title={An open-source benchmark suite for microservices and their hardware-software implications for cloud \& edge systems},
  author={Gan, Yu and Zhang, Yanqi and Cheng, Dailun and Shetty, Ankitha and Rathi, Priyal and Katarki, Nayan and Bruno, Ariana and Hu, Justin and Ritchken, Brian and Jackson, Brendon and others},
  booktitle={Proceedings of the Twenty-Fourth International Conference on Architectural Support for Programming Languages and Operating Systems},
  pages={3--18},
  year={2019}
}
@article{schafer2011savitzky,
  title={What is a Savitzky-Golay filter?[lecture notes]},
  author={Schafer, Ronald W},
  journal={IEEE Signal processing magazine},
  volume={28},
  number={4},
  pages={111--117},
  year={2011},
  publisher={IEEE}
}
@article{shi2016edge,
  title={Edge computing: Vision and challenges},
  author={Shi, Weisong and Cao, Jie and Zhang, Quan and Li, Youhuizi and Xu, Lanyu},
  journal={IEEE internet of things journal},
  volume={3},
  number={5},
  pages={637--646},
  year={2016},
  publisher={Ieee}
}
@article{liu2019survey,
  title={A survey on edge computing systems and tools},
  author={Liu, Fang and Tang, Guoming and Li, Youhuizi and Cai, Zhiping and Zhang, Xingzhou and Zhou, Tongqing},
  journal={Proceedings of the IEEE},
  volume={107},
  number={8},
  pages={1537--1562},
  year={2019},
  publisher={IEEE}
}
@article{ren2019survey,
  title={A survey on end-edge-cloud orchestrated network computing paradigms: Transparent computing, mobile edge computing, fog computing, and cloudlet},
  author={Ren, Ju and Zhang, Deyu and He, Shiwen and Zhang, Yaoxue and Li, Tao},
  journal={ACM Computing Surveys (CSUR)},
  volume={52},
  number={6},
  pages={1--36},
  year={2019},
  publisher={ACM New York, NY, USA}
}
@inproceedings{straesser2022not,
  title={Why is it not solved yet? challenges for production-ready autoscaling},
  author={Straesser, Martin and Grohmann, Johannes and von Kistowski, J{\'o}akim and Eismann, Simon and Bauer, Andr{\'e} and Kounev, Samuel},
  booktitle={Proceedings of the 2022 ACM/SPEC on International Conference on Performance Engineering},
  pages={105--115},
  year={2022}
}
@article{li2021understanding,
  title={Understanding and addressing quality attributes of microservices architecture: A Systematic literature review},
  author={Li, Shanshan and Zhang, He and Jia, Zijia and Zhong, Chenxing and Zhang, Cheng and Shan, Zhihao and Shen, Jinfeng and Babar, Muhammad Ali},
  journal={Information and software technology},
  volume={131},
  pages={106449},
  year={2021},
  publisher={Elsevier}
}
@article{nabi2016availability,
  title={Availability in the cloud: State of the art},
  author={Nabi, Mina and Toeroe, Maria and Khendek, Ferhat},
  journal={Journal of Network and Computer Applications},
  volume={60},
  pages={54--67},
  year={2016},
  publisher={Elsevier}
}
@article{casalicchio2019container,
  title={Container orchestration: A survey},
  author={Casalicchio, Emiliano},
  journal={Systems Modeling: Methodologies and Tools},
  pages={221--235},
  year={2019},
  publisher={Springer}
}
@article{vayghan2019kubernetes,
  title={Kubernetes as an availability manager for microservice applications},
  author={Vayghan, Leila Abdollahi and Saied, Mohamed Aymen and Toeroe, Maria and Khendek, Ferhat},
  journal={arXiv preprint arXiv:1901.04946},
  year={2019}
}
@book{baier2017getting,
  title={Getting started with kubernetes},
  author={Baier, Jonathan},
  year={2017},
  publisher={Packt Publishing Ltd}
}
@inproceedings{baresi2021kosmos,
  title={KOSMOS: Vertical and horizontal resource autoscaling for kubernetes},
  author={Baresi, Luciano and Hu, Davide Yi Xian and Quattrocchi, Giovanni and Terracciano, Luca},
  booktitle={International Conference on Service-Oriented Computing},
  pages={821--829},
  year={2021},
  organization={Springer}
}
@article{patel2009service,
  title={Service level agreement in cloud computing},
  author={Patel, Pankesh and Ranabahu, Ajith H and Sheth, Amit P},
  year={2009}
}
@inproceedings{mirobi2015service,
  title={Service level agreement in cloud computing: An overview},
  author={Mirobi, G Justy and Arockiam, L},
  booktitle={2015 International Conference on Control, Instrumentation, Communication and Computational Technologies (ICCICCT)},
  pages={753--758},
  year={2015},
  organization={IEEE}
}
@inproceedings{venticinque2011cloud,
  title={A cloud agency for SLA negotiation and management},
  author={Venticinque, Salvatore and Aversa, Rocco and Di Martino, Beniamino and Rak, Massimilano and Petcu, Dana},
  booktitle={Euro-Par 2010 Parallel Processing Workshops: HeteroPar, HPCC, HiBB, CoreGrid, UCHPC, HPCF, PROPER, CCPI, VHPC, Ischia, Italy, August 31--September 3, 2010, Revised Selected Papers 16},
  pages={587--594},
  year={2011},
  organization={Springer}
}
@inproceedings{sakr2012sla,
  title={SLA-based and consumer-centric dynamic provisioning for cloud databases},
  author={Sakr, Sherif and Liu, Anna},
  booktitle={2012 IEEE Fifth International Conference on Cloud Computing},
  pages={360--367},
  year={2012},
  organization={IEEE}
}
@inproceedings{houlihan2014auditing,
  title={Auditing cloud service level agreement on VM CPU speed},
  author={Houlihan, Ryan and Du, Xiaojiang and Tan, Chiu C and Wu, Jie and Guizani, Mohsen},
  booktitle={2014 IEEE International Conference on Communications (ICC)},
  pages={799--803},
  year={2014},
  organization={IEEE}
}
@article{wu2013sla,
  title={SLA-based resource provisioning for hosted software-as-a-service applications in cloud computing environments},
  author={Wu, Linlin and Garg, Saurabh Kumar and Versteeg, Steve and Buyya, Rajkumar},
  journal={IEEE Transactions on services computing},
  volume={7},
  number={3},
  pages={465--485},
  year={2013},
  publisher={IEEE}
}
@inproceedings{rajavel2012achieving,
  title={Achieving service level agreement in cloud environment using job prioritization in hierarchical scheduling},
  author={Rajavel, Rajkumar and Mala, T},
  booktitle={Proceedings of the International Conference on Information Systems Design and Intelligent Applications 2012 (INDIA 2012) held in Visakhapatnam, India, January 2012},
  pages={547--554},
  year={2012},
  organization={Springer}
}
@article{dogani2023auto,
  title={Auto-scaling techniques in container-based cloud and edge/fog computing: Taxonomy and survey},
  author={Dogani, Javad and Namvar, Reza and Khunjush, Farshad},
  journal={Computer Communications},
  year={2023},
  publisher={Elsevier}
}
@article{taherizadeh2020key,
  title={Key influencing factors of the Kubernetes auto-scaler for computing-intensive microservice-native cloud-based applications},
  author={Taherizadeh, Salman and Grobelnik, Marko},
  journal={Advances in Engineering Software},
  volume={140},
  pages={102734},
  year={2020},
  publisher={Elsevier}
}
@inproceedings{kampars2017auto,
  title={Auto-scaling and adjustment platform for cloud-based systems},
  author={Kampars, J{\=a}nis and Pinka, Kri{\v{s}}j{\=a}nis},
  booktitle={ENVIRONMENT. TECHNOLOGIES. RESOURCES. Proceedings of the International Scientific and Practical Conference},
  volume={2},
  pages={52--57},
  year={2017}
}
@article{zhang2019quantifying,
  title={Quantifying cloud elasticity with container-based autoscaling},
  author={Zhang, Fan and Tang, Xuxin and Li, Xiu and Khan, Samee U and Li, Zhijiang},
  journal={Future Generation Computer Systems},
  volume={98},
  pages={672--681},
  year={2019},
  publisher={Elsevier}
}
@article{srirama2020application,
  title={Application deployment using containers with auto-scaling for microservices in cloud environment},
  author={Srirama, Satish Narayana and Adhikari, Mainak and Paul, Souvik},
  journal={Journal of Network and Computer Applications},
  volume={160},
  pages={102629},
  year={2020},
  publisher={Elsevier}
}
@inproceedings{hoenisch2015four,
  title={Four-fold auto-scaling on a contemporary deployment platform using docker containers},
  author={Hoenisch, Philipp and Weber, Ingo and Schulte, Stefan and Zhu, Liming and Fekete, Alan},
  booktitle={Service-Oriented Computing: 13th International Conference, ICSOC 2015, Goa, India, November 16-19, 2015, Proceedings 13},
  pages={316--323},
  year={2015},
  organization={Springer}
}
@inproceedings{santos2020qoe,
  title={QoE-aware auto-scaling of heterogeneous containerized services (and its application to health services)},
  author={Santos, Guilherme and Paulino, Herv{\'e} and Vardasca, Tom{\'e}},
  booktitle={Proceedings of the 35th Annual ACM Symposium on Applied Computing},
  pages={242--249},
  year={2020}
}
@article{sheganaku2023cost,
  title={Cost-efficient auto-scaling of container-based elastic processes},
  author={Sheganaku, Gerta and Schulte, Stefan and Waibel, Philipp and Weber, Ingo},
  journal={Future generation computer systems},
  volume={138},
  pages={296--312},
  year={2023},
  publisher={Elsevier}
}
@article{taherizadeh2019dynamic,
  title={Dynamic multi-level auto-scaling rules for containerized applications},
  author={Taherizadeh, Salman and Stankovski, Vlado},
  journal={The Computer Journal},
  volume={62},
  number={2},
  pages={174--197},
  year={2019},
  publisher={Oxford University Press}
}
@article{imdoukh2020machine,
  title={Machine learning-based auto-scaling for containerized applications},
  author={Imdoukh, Mahmoud and Ahmad, Imtiaz and Alfailakawi, Mohammad Gh},
  journal={Neural Computing and Applications},
  volume={32},
  number={13},
  pages={9745--9760},
  year={2020},
  publisher={Springer}
}
@article{messias2016combining,
  title={Combining time series prediction models using genetic algorithm to autoscaling web applications hosted in the cloud infrastructure},
  author={Messias, Valter Rog{\'e}rio and Estrella, Julio Cezar and Ehlers, Ricardo and Santana, Marcos Jos{\'e} and Santana, Regina Carlucci and Reiff-Marganiec, Stephan},
  journal={Neural Computing and Applications},
  volume={27},
  pages={2383--2406},
  year={2016},
  publisher={Springer}
}
@article{abdullah2020burst,
  title={Burst-aware predictive autoscaling for containerized microservices},
  author={Abdullah, Muhammad and Iqbal, Waheed and Berral, Josep Lluis and Polo, Jorda and Carrera, David},
  journal={IEEE Transactions on Services Computing},
  volume={15},
  number={3},
  pages={1448--1460},
  year={2020},
  publisher={IEEE}
}
@article{alidoost2023introducing,
  title={Introducing an adaptive model for auto-scaling cloud computing based on workload classification},
  author={Alidoost Alanagh, Yoosef and Firouzi, Mojtaba and Rasouli Kenari, Abdolreza and Shamsi, Mahboubeh},
  journal={Concurrency and Computation: Practice and Experience},
  volume={35},
  number={22},
  pages={e7720},
  year={2023},
  publisher={Wiley Online Library}
}
@article{qu2018auto,
  title={Auto-scaling web applications in clouds: A taxonomy and survey},
  author={Qu, Chenhao and Calheiros, Rodrigo N and Buyya, Rajkumar},
  journal={ACM Computing Surveys (CSUR)},
  volume={51},
  number={4},
  pages={1--33},
  year={2018},
  publisher={ACM New York, NY, USA}
}
@inproceedings{xu2007use,
  title={On the use of fuzzy modeling in virtualized data center management},
  author={Xu, Jing and Zhao, Ming and Fortes, Jose and Carpenter, Robert and Yousif, Mazin},
  booktitle={Fourth International Conference on Autonomic Computing (ICAC'07)},
  pages={25--25},
  year={2007},
  organization={IEEE}
}
@inproceedings{lama2009efficient,
  title={Efficient server provisioning with end-to-end delay guarantee on multi-tier clusters},
  author={Lama, Palden and Zhou, Xiaobo},
  booktitle={2009 17th International Workshop on Quality of Service},
  pages={1--9},
  year={2009},
  organization={IEEE}
}
@article{ramperez2021flas,
  title={FLAS: A combination of proactive and reactive auto-scaling architecture for distributed services},
  author={Ramp{\'e}rez, V{\'\i}ctor and Soriano, Javier and Lizcano, David and Lara, Juan A},
  journal={Future Generation Computer Systems},
  volume={118},
  pages={56--72},
  year={2021},
  publisher={Elsevier}
}
@article{biswas2017hybrid,
  title={A hybrid auto-scaling technique for clouds processing applications with service level agreements},
  author={Biswas, Anshuman and Majumdar, Shikharesh and Nandy, Biswajit and El-Haraki, Ali},
  journal={Journal of Cloud Computing},
  volume={6},
  pages={1--22},
  year={2017},
  publisher={Springer}
}
@inproceedings{beni2021reducing,
  title={Reducing cold starts during elastic scaling of containers in kubernetes},
  author={Beni, Emad Heydari and Truyen, Eddy and Lagaisse, Bert and Joosen, Wouter and Dieltjens, Jordy},
  booktitle={Proceedings of the 36th Annual ACM Symposium on Applied Computing},
  pages={60--68},
  year={2021}
}
@article{cadden2019seuss,
  title={SEUSS: Rapid serverless deployment using environment snapshots},
  author={Cadden, James and Unger, Thomas and Awad, Yara and Dong, Han and Krieger, Orran and Appavoo, Jonathan},
  journal={arXiv preprint arXiv:1910.01558},
  year={2019}
}
@inproceedings{lorenzo2019fogdocker,
  title={FogDocker: Start Container Now Fetch Image Later},
  author={Lorenzo, C and Guillaume, P and Bellavista, P},
  booktitle={Proceedings of the 12th IEEE/ACM International Conference on Utility and Cloud Computing (UCC)},
  year={2019}
}
@article{lin2019mitigating,
  title={Mitigating cold starts in serverless platforms: A pool-based approach},
  author={Lin, Ping-Min and Glikson, Alex},
  journal={arXiv preprint arXiv:1903.12221},
  year={2019}
}
@inproceedings{lambora2019genetic,
  title={Genetic algorithm-A literature review},
  author={Lambora, Annu and Gupta, Kunal and Chopra, Kriti},
  booktitle={2019 international conference on machine learning, big data, cloud and parallel computing (COMITCon)},
  pages={380--384},
  year={2019},
  organization={IEEE}
}
@inproceedings{siami2018comparison,
  title={A comparison of ARIMA and LSTM in forecasting time series},
  author={Siami-Namini, Sima and Tavakoli, Neda and Namin, Akbar Siami},
  booktitle={2018 17th IEEE international conference on machine learning and applications (ICMLA)},
  pages={1394--1401},
  year={2018},
  organization={IEEE}
}
@inproceedings{comsolcurvefitting,
  title = {Curve Fitting of Solution Data in COMSOL Multiphysics - comsol.com},
  author = {Boucher, Christopher},
  howpublished = {\url{https://www.comsol.com/blogs/curve-fitting-of-solution-data-in-comsol-multiphysics/}},
  year = {2024},
  note = {[Accessed 04-05-2024]},
}